@misc{unicode-abstract,
  author = {The Unicode Consortium},
  month = {mar},
  year = {2014},
  howpublished = {\url{http://www.unicode.org/faq/utf_bom.html#gen1}}
}
@misc{kuromoji-donate,
  author = {Christian Moen},
  month = {may},
  year = {2013},
  howpublished = {\url{https://issues.apache.org/jira/browse/LUCENE-3305}}
}
@misc{sjis,
	author = {Ben Bullock},
	month = {jun},
	year = {2014},
	howpublished = {\url{http://www.sljfaq.org/afaq/encodings.html#encodings-Shift-JIS}}
}
@misc{ascii,
	author = {Eric Fisher},
	month = {mar},
	year = {2009},
	howpublished = {\url{http://www2.units.it/hirema/didattica/materiali/charset/ASCII/ascii.pdf}}
}